% Encoding: UTF-8

@InProceedings{Parameswaran2010a,
  author    = {Shibin Parameswaran and Kilian Q. Weinberger},
  title     = {Large Margin Multi-Task Metric Learning},
  booktitle = {Advances in Neural Information Processing Systems 23 (NIPS)},
  year      = {2010},
  pages     = {1867--1875},
}

@InProceedings{Ling2015a,
  author    = {Wang Ling and Lin Chu-Cheng and Yulia Tsvetkov and Silvio Amir and Ramon Fernandez and Chris Dyer and Alan W. Black and Isabel Trancoso},
  title     = {Not All Contexts Are Created Equal: Better Word Representations with Variable Attention},
  booktitle = {Proceedings of the Conference of Empirical Methods in Natural Language Processing. (EMNLP)},
  year      = {2015},
  pages     = {1367--1372},
}

@InProceedings{Mikolov2013a,
  author    = {Tomas Mikolov and Ilya Sutskever and Kai Chen and Greg S. Corrado and Jeff Dean},
  title     = {Distributed Representations of Words and Phrases and their Compositionality},
  booktitle = {Advances in Neural Information Systems (NIPS)},
  year      = {2013},
  pages     = {3111--3119},
}

@InProceedings{Zagoryuko2015,
  author    = {Sergey Zagoryuko and Nikos Komodakis},
  title     = {Learning to Compare Image Patches via Convolutional Neural Networks},
  booktitle = {the IEEE Conference on Computer Vision and Pattern Recognition (CVPR)},
  year      = {2015},
  pages     = {4353--4361},
}

@InProceedings{Chopra2005a,
  author    = {Sumit Chopra and Raia Hadsell and Yann LeCun},
  title     = {Learning a Similarity Metric Discriminatively, with Application to Face Verification},
  booktitle = {IEEE Computer Society Conference on Computer Vision and Pattern Recognition (CVPR)},
  year      = {2005},
  pages     = {539--546},
}

@Comment{jabref-meta: databaseType:bibtex;}
